% % insert something like \input(some-bib-file.tex)

% % References from lecture 7
\input{References/Campbell_et_al-2000-The_Journal_of_Finance}
\input{References/Campbell and Cochrane (1999)}
\input{References/Wachter (2005).txt}
\input{References/Verdelhan (2010).txt}
\input{References/Chen_et_al-2009-Journal_of_Applied_Econometrics.txt}
\input{References/Atanasov et. al. (2019).bib}

% % the book of the course
\input{References/Campbell (2018).txt}



@article{Atanasov(2019)-bibbibi,
author = {Atanasov, Victoria and MÃ¸ller, Stig V. and Priestley, Richard},
year = {2019},
month = {08},
pages = {},
title = {Consumption Fluctuations and Expected Returns},
journal = {Journal of Finance, Forthcomingl},
doi = {10.2139/ssrn.3098057}
}

\bibitem[Jones et al.(1990)Jones, Baker, and Smith]{key}